@article{greenwade93,
    author  = "George D. Greenwade",
    title   = "The {C}omprehensive {T}ex {A}rchive {N}etwork ({CTAN})",
    year    = "1993",
    journal = "TUGBoat",
    volume  = "14",
    number  = "3",
    pages   = "342--351"
}
@online{ServiceArchiBarry,
	author = "Douglas K. Barry",
	title = "Service Architecture",
	year = 2000,
	url = "https://www.service-architecture.com/articles/web-services/service-oriented_architecture_soa_definition.html",
	urldate = "2010-09-30"	
}
@online{MonolithMargaret,
	author = "Margaret Rouse",
	title = "Monolithic Architecture",
	year ="2016",
	url = "https://whatis.techtarget.com/definition/monolithic-architecture",
	urldate = "2016-08-12"
}
@book{SoADummies,
	author = "Judith Hurwitz and Robin Bloor and Marcia Kaufman and Fern Halper",
	title = "Service Orientated Architecture for dummies",
	publisher = "Wiley",
	edition = "2", 
	year = "2009"
}
@online{MartinFowlersite,
	author = "Martine Fowler",
	title = "Microservices",
	year = "2014",
	url = "https://www.martinfowler.com/articles/microservices.html#footnote-monolith",
	urldate = "2014-28-02"
}