@online{ServiceArchiBarry,
	author = "Douglas K Barry",
	title = "Service Architecture",
	year = 2000,
	howpublished =  "https://www.service-architecture.com/articles/web-services/service-oriented\_architecture\_soa\_definition.html"	
}
@online{PolyglotProgTechTarget,
	author = "Neal Ford",
	title = "Polyglot Programming",
	year = 2006,
	howpublished =  "https://searchsoftwarequality.techtarget.com/definition/polyglot-programming"	
}
@online{PolyglotOrigins,
	author = "Margaret Rouse",
	title = "Polyglot Programming",
	year = 2006,
	howpublished =  "memeagora.blogspot.com/2006/12/polyglot-programming.html"	
}
@online{PolyglotMFowler,
	author = "Martin Fowler",
	title = "Polyglot Persistence",
	year = 2011,
	howpublished =  "https://martinfowler.com/bliki/PolyglotPersistence.html"	
}
@online{PolyglotPersistLeberknight,
	author = "Scott Leberknight",
	title = "Polyglot Persistence",
	year = 2008,
	howpublished =  "www.sleberknight.com/blog/sleberkn/entry/polyglot\_persistence"	
}
@online{PolyglotSerra,
	author = "James Serra",
	title = what is Polyglot Persistence?",
	year = 2015,
	howpublished =  "https://www.jamesserra.com/archive/2015/07/what-is-polyglot-persistence/"	
}
@online{MonolithMargaret,
	author = "Margaret Rouse",
	title = "Monolithic Architecture",
	year ="2016",
	howpublished = "https://whatis.techtarget.com/definition/monolithic-architecture"
}
@online{GuptaMSA,
	author = "lokesh Gupta",
	title = "Microservices - Definition, Principles and Benefits",
	year ="2016",
	howpublished = "https://howtodojava.com/microservices/microservices-definition-principles-benefits/\#principles"	
}
@online{HoffAmazonArchi,
author = "Todd Hoff",
title = "Amazon Architecture",
year ="2007",
howpublished = "highscalability.com/amazon-architecture"	
}
@online{ConwayLaw,
	author = "Melvin Conway",
	title = "How do Committees Invent?",
	year ="1968",
	howpublished = "http://www.melconway.com/Home/Committees\_Paper.html"	
}
@online{SimianArmy,
	author = "Yury Izrailevsky and Ariel Tseitlin",
	title = "The Netflix's Simian Army",
	year = "2011",
	howpublished = "https://medium.com/netflix-techblog/the-netflix-simian-army-16e57fbab116"
}
@online{TechopediaModular,
	author = "techopedia",
	title = "Modular Programming",
	year = "2018",
	howpublished = "https://www.techopedia.com/definition/25912/modular-programming"
}
@online{MFowlerDDD,
	author = "Martin Fowler",
	title = "Bounded Context",
	year = "2014",
	howpublished = "https://martinfowler.com/bliki/BoundedContext.html"
}
@online{SynchAsynch,
	author = "Teach Computer Science",
	title = "Synchronous and asynchronous data transmission",
	year = "1999",
	howpublished = "https://teachcomputerscience.com/synchronous-and-asynchronous/"
}
@online{EFMicrosoft,
	author = "Microsoft",
	title = "ASP.NET Core MVC with Entity Framework Core",
	year = "2018",
	howpublished = "https://docs.microsoft.com/en-us/aspnet/core/data/ef-mvc/intro?view=aspnetcore-2.0"
}
@online{EFMicrosoftQuickStart,
	author = "Microsoft",
	title = "Quickstart: Use .NET Core (C\#) to query an Azure SQL database",
	year = "2018",
	howpublished = "https://docs.microsoft.com/en-us/azure/sql-database/sql-database-connect-query-dotnet-core"
}
@online{EFCSharpCorner,
	author = "Nitin Pandit",
	title = "Entity Framework With Microsoft Azure SQL",
	year = "2016",
	howpublished = "https://www.c-sharpcorner.com/article/entity-framework-with-microsoft-azure-sql/"
}
@online{DependInjectMicrosoft,
	author = "Steve Smith AND Scott Addie AND Luke Latham",
	title = "Dependency Injection in ASP.NET Core",
	year = "2018",
	howpublished = "https://docs.microsoft.com/en-us/aspnet/core/fundamentals/dependency-injection?view=aspnetcore-2.2"
}
@book{SoADummies,
	author = "Judith Hurwitz and Robin Bloor and Marcia Kaufman and Fern Halper",
	title = "Service Orientated Architecture for dummies",
	publisher = "Wiley",
	edition = "2", 
	year = "2009"
}
@book{HunterAdvMSA,
	author = "Thomas Hunter",
	title = "Advanced microservices",
	publisher = "Apress",
	year = "2017",
	edition = "1st"
}
@book{NewmanMSA,
	author = "Sam Newman",
	title = "Building Microservices",
	year = "2015",
	publisher = "O'Reilly Media",
	edition = "1st"
}
@book{EvansDDD,
	author = "Eric Evans",
	title = "Domain Driven Design: Tackling Complexity in the heart of software",
	publisher = "Addison Wesley",
	year = " 2003",
	edition = "1st"
}
@book{RobMartCleanArchi,
	author = "Robert C. Martin",
	title = "Clean Architecture A craftsman's guide to Software Structure and Design",
	publisher = "Prentice Hall",
	year = "2018",
	edition = "1st" 
}
@book{.NetMSA,
	author = "Microsoft",
	title = ".NET-microservice for containerized NET applications",
	publisher = "Microsoft Developer Division",
	year = "2018",
	edition = "2nd"
}
@online{MartinFowlersite,
	author = "Martin Fowler",
	title = "Microservices",
	year = "2014",
	howpublished = "https://www.martinfowler.com/articles/microservices.html\%\#footnote-monolith",
	urldate = "2014-28-02"
}
@inproceedings{mci/Diepenbrock2017,
author = {Diepenbrock, Andreas AND Rademacher, Florian AND Sachweh, Sabine},
title = {An Ontology-based Approach for Domain-driven Design of Microservice Architectures},
booktitle = {INFORMATIK 2017},
year = {2017},
editor = {Eibl, Maximilian AND Gaedke, Martin} ,
pages = { 1777-1791 },
publisher = {Gesellschaft f√ºr Informatik, Bonn},
address = {}
}
@inproceesdings{DDDChallenges,
	author = {Rademacher, Florian AND Sorgalla, Jones AND Sachweh, Sabine},
	title = {Challenges of DOmain-Driven Microservice Design},
	booktile = {},
	year = {2018},
	pages = {36-43},
	publisher = {IEEE}
}
@conference{SchroderMSA,
	author = {Dr.Andreas Schroeder},
	title = {Microservice Architectures}
}
@Article{Zimmermann2017,
	author="Zimmermann, Olaf",
	title="Microservices tenets",
	journal="Computer Science - Research and Development",
	year="2017",
	month="Jul",
	day="01",
	volume="32",
	number="3",
	pages="301--310,
	url="https://doi.org/10.1007/s00450-016-0337-0"
}
@techreport{ContextUnderstandingMSA,
	author = "Thomas Cerny and Michael J. Donahoo and Michal Trnka",
	title = "Contextual Understanding of microservices Architecture: Current and future Directions",
	institution = "Baylor University and Czech Technical University"
}